@article{scikit-learn,
    title={Scikit-learn: Machine Learning in {P}ython},
    author={Pedregosa, F. and Varoquaux, G. and Gramfort, A. and Michel, V.
         and Thirion, B. and Grisel, O. and Blondel, M. and Prettenhofer, P.
         and Weiss, R. and Dubourg, V. and Vanderplas, J. and Passos, A. and
         Cournapeau, D. and Brucher, M. and Perrot, M. and Duchesnay, E.},
    journal={Journal of Machine Learning Research},
    volume={12},
    pages={2825--2830},
    year={2011}
}

@inproceedings{lee2001algorithms,
  title={Algorithms for non-negative matrix factorization},
  author={Lee, Daniel D and Seung, H Sebastian},
  booktitle={Advances in neural information processing systems},
  pages={556--562},
  year={2001}
}

@inproceedings{bennett2007netflix,
  title={The netflix prize},
  author={Bennett, James and Lanning, Stan and others},
  booktitle={Proceedings of KDD cup and workshop},
  volume={2007},
  pages={35},
  year={2007},
  organization={New York, NY, USA}
}

@article{koren2009matrix,
  title={Matrix factorization techniques for recommender systems},
  author={Koren, Yehuda and Bell, Robert and Volinsky, Chris},
  journal={Computer},
  volume={42},
  number={8},
  year={2009},
  publisher={IEEE}
}

@article{nielsen2013bitcoin,
  title={How the Bitcoin Protocol actually works},
  author={Nielsen, Michael},
  journal={Blog posting at www. michaelnielsen. org/ddi/how-the-bitcoin-protocolactually-works},
  year={2013}
}

@article{nakamoto2008bitcoin,
  title={Bitcoin: A peer-to-peer electronic cash system},
  author={Nakamoto, Satoshi},
  year={2008}
}
